<marcxml:record xmlns:marcxml="http://www.loc.gov/MARC21/slim" xmlns:mets="http://www.loc.gov/METS/" xmlns:bf="http://id.loc.gov/ontologies/bibframe/" xmlns:bflc="http://id.loc.gov/ontologies/bflc/" xmlns:madsrdf="http://www.loc.gov/mads/rdf/v1#" xmlns:rdf="http://www.w3.org/1999/02/22-rdf-syntax-ns#" xmlns:ri="http://id.loc.gov/ontologies/RecordInfo#" xmlns:idx="info:lc/xq-modules/lcindex" xmlns:semtriples="http://marklogic.com/semantic" xmlns:xsi="http://www.w3.org/2001/XMLSchema-instance" xmlns:xlink="http://www.w3.org/1999/xlink" xmlns:streams="info:lc/streams#">
  <marcxml:leader>01648cam a2200337 i 4500</marcxml:leader>
  <marcxml:controlfield tag="001">19281266</marcxml:controlfield>
  <marcxml:controlfield tag="005">20170809093006.0</marcxml:controlfield>
  <marcxml:controlfield tag="008">160921s2017    nyuab  j b    001 0 eng  </marcxml:controlfield>
  <marcxml:datafield tag="906" ind1=" " ind2=" ">
    <marcxml:subfield code="a">7</marcxml:subfield>
    <marcxml:subfield code="b">cbc</marcxml:subfield>
    <marcxml:subfield code="c">orignew</marcxml:subfield>
    <marcxml:subfield code="d">1</marcxml:subfield>
    <marcxml:subfield code="e">ecip</marcxml:subfield>
    <marcxml:subfield code="f">20</marcxml:subfield>
    <marcxml:subfield code="g">y-gencatlg</marcxml:subfield>
  </marcxml:datafield>
  <marcxml:datafield tag="925" ind1="0" ind2=" ">
    <marcxml:subfield code="a">acquire</marcxml:subfield>
    <marcxml:subfield code="b">1 shelf copy</marcxml:subfield>
    <marcxml:subfield code="x">policy default</marcxml:subfield>
  </marcxml:datafield>
  <marcxml:datafield tag="955" ind1=" " ind2=" ">
    <marcxml:subfield code="b">rk10 2016-09-16</marcxml:subfield>
    <marcxml:subfield code="c">rk10 2016-09-16 to subject</marcxml:subfield>
    <marcxml:subfield code="d">rk02 2016-10-06 to Dewey (telework)</marcxml:subfield>
    <marcxml:subfield code="w">xm07 2016-10-06</marcxml:subfield>
    <marcxml:subfield code="a">xn11 2017-04-01 1 copy rec'd., to CIP ver.</marcxml:subfield>
    <marcxml:subfield code="f">rm05 2017-04-17 to Dewey</marcxml:subfield>
  </marcxml:datafield>
  <marcxml:datafield tag="010" ind1=" " ind2=" ">
    <marcxml:subfield code="a">  2016042368</marcxml:subfield>
  </marcxml:datafield>
  <marcxml:datafield tag="020" ind1=" " ind2=" ">
    <marcxml:subfield code="a">9781684020522 (library)</marcxml:subfield>
  </marcxml:datafield>
  <marcxml:datafield tag="040" ind1=" " ind2=" ">
    <marcxml:subfield code="a">DLC</marcxml:subfield>
    <marcxml:subfield code="b">eng</marcxml:subfield>
    <marcxml:subfield code="c">DLC</marcxml:subfield>
    <marcxml:subfield code="e">rda</marcxml:subfield>
    <marcxml:subfield code="d">DLC</marcxml:subfield>
  </marcxml:datafield>
  <marcxml:datafield tag="042" ind1=" " ind2=" ">
    <marcxml:subfield code="a">pcc</marcxml:subfield>
  </marcxml:datafield>
  <marcxml:datafield tag="043" ind1=" " ind2=" ">
    <marcxml:subfield code="a">n-us---</marcxml:subfield>
  </marcxml:datafield>
  <marcxml:datafield tag="050" ind1="0" ind2="0">
    <marcxml:subfield code="a">BF1477.3</marcxml:subfield>
    <marcxml:subfield code="b">.M37 2017</marcxml:subfield>
  </marcxml:datafield>
  <marcxml:datafield tag="082" ind1="0" ind2="0">
    <marcxml:subfield code="a">133.1/22</marcxml:subfield>
    <marcxml:subfield code="2">23</marcxml:subfield>
  </marcxml:datafield>
  <marcxml:datafield tag="100" ind1="1" ind2=" ">
    <marcxml:subfield code="a">Markovics, Joyce L.,</marcxml:subfield>
    <marcxml:subfield code="e">author.</marcxml:subfield>
  </marcxml:datafield>
  <marcxml:datafield tag="245" ind1="1" ind2="0">
    <marcxml:subfield code="a">Deserted prisons /</marcxml:subfield>
    <marcxml:subfield code="c">by Joyce Markovics Consultant: Ursula Bielski author and paranormal researcher founder of Chicago Hauntings, Inc.</marcxml:subfield>
  </marcxml:datafield>
  <marcxml:datafield tag="264" ind1=" " ind2="1">
    <marcxml:subfield code="a">New York, New York :</marcxml:subfield>
    <marcxml:subfield code="b">Bearport Publishing Company, Inc.,</marcxml:subfield>
    <marcxml:subfield code="c">2017.</marcxml:subfield>
  </marcxml:datafield>
  <marcxml:datafield tag="300" ind1=" " ind2=" ">
    <marcxml:subfield code="a">24 pages :</marcxml:subfield>
    <marcxml:subfield code="b">illustrations (some color), color map ;</marcxml:subfield>
    <marcxml:subfield code="c">21 cm.</marcxml:subfield>
  </marcxml:datafield>
  <marcxml:datafield tag="336" ind1=" " ind2=" ">
    <marcxml:subfield code="a">text</marcxml:subfield>
    <marcxml:subfield code="b">txt</marcxml:subfield>
    <marcxml:subfield code="2">rdacontent</marcxml:subfield>
  </marcxml:datafield>
  <marcxml:datafield tag="337" ind1=" " ind2=" ">
    <marcxml:subfield code="a">unmediated</marcxml:subfield>
    <marcxml:subfield code="b">n</marcxml:subfield>
    <marcxml:subfield code="2">rdamedia</marcxml:subfield>
  </marcxml:datafield>
  <marcxml:datafield tag="338" ind1=" " ind2=" ">
    <marcxml:subfield code="a">volume</marcxml:subfield>
    <marcxml:subfield code="b">nc</marcxml:subfield>
    <marcxml:subfield code="2">rdacarrier</marcxml:subfield>
  </marcxml:datafield>
  <marcxml:datafield tag="490" ind1="0" ind2=" ">
    <marcxml:subfield code="a">Tiptoe into scary places</marcxml:subfield>
  </marcxml:datafield>
  <marcxml:datafield tag="504" ind1=" " ind2=" ">
    <marcxml:subfield code="a">Includes bibliographical references and index.</marcxml:subfield>
  </marcxml:datafield>
  <marcxml:datafield tag="505" ind1="0" ind2=" ">
    <marcxml:subfield code="a">Deserted prisons -- Bad to the bone -- Fast Jack -- Until death do us part -- Eyes that glow red -- Deserted prisons in America.</marcxml:subfield>
  </marcxml:datafield>
  <marcxml:datafield tag="650" ind1=" " ind2="0">
    <marcxml:subfield code="a">Haunted prisons</marcxml:subfield>
    <marcxml:subfield code="v">Juvenile literature.</marcxml:subfield>
  </marcxml:datafield>
  <marcxml:datafield tag="650" ind1=" " ind2="0">
    <marcxml:subfield code="a">Haunted prisons</marcxml:subfield>
    <marcxml:subfield code="z">United States</marcxml:subfield>
    <marcxml:subfield code="v">Juvenile literature.</marcxml:subfield>
  </marcxml:datafield>
  <marcxml:datafield tag="776" ind1="0" ind2="8">
    <marcxml:subfield code="i">Online version:</marcxml:subfield>
    <marcxml:subfield code="a">Markovics, Joyce L., author.</marcxml:subfield>
    <marcxml:subfield code="t">Deserted prisons</marcxml:subfield>
    <marcxml:subfield code="d">New York : Bearport Publishing Company, Inc., 2017</marcxml:subfield>
    <marcxml:subfield code="z">9781684021048</marcxml:subfield>
    <marcxml:subfield code="w">(DLC) 2016046454</marcxml:subfield>
  </marcxml:datafield>
</marcxml:record>
